@article{karp:jc85,
  author    = {Richard M. Karp and
               Michael Luby},
  title     = {{M}onte-{C}arlo algorithms for the planar multiterminal network
               reliability problem},
  journal   = {J. Complexity},
  volume    = {1},
  number    = {1},
  year      = {1985},
  pages     = {45-64},
  ee        = {http://dx.doi.org/10.1016/0885-064X(85)90021-4},
  bibsource = {DBLP, http://dblp.uni-trier.de}
}

@inproceedings{dagum:focs95,
author = {P. Dagum and  R. Karp and  M. Luby and  and S. Ross},
title = {An optimal algorithm for monte carlo estimation},
booktitle = {Proceedings of the 36th IEEE Annual Symposium on Foundations
of Computer Science (FOCS)}, 
pages={142-149}, 
year = {1995}
}

@book{hammersley64,
author = {J. M. Hammersley and D. C. Handscomb},
title = {Monte Carlo Methods},
publisher = {Springer},
series = {Monographs on Applied Probability and Statistics},
year= {1964}
}
