@misc{Scarpino-Petri-2017,
  author = {S. V. Scarpino and G. Petri},
  year = {2017},
  title = {On the predictability of infectious diseases},
  howpublished = {arXiv:~1703.07317v4 [physics.soc-ph]},
  month = {April},
  note = {16 pages},
}

@article{Fortnow-etal-2009,
  author = {L. Fortnow and R. V. Vohra},
  title = {The Complexity of Forecast Testing},
  journal  = {Econometrica},
  volume = {77},
  number = {1},
  month  = {January},
  year   = {2009},
  pages  = {93--105},
}

@article{Geller-etal-1997,
  author = {R. J. Geller and D. D. Jackson and Y. Y. Kagan and F. Mulargia},
  title  = {Earthquakes cannot be predicted},
  journal = {Science},
  volume  = {275},
  month  = {March},
  year = {1997},
  pages = {1616--1617},
}

@article{Geller-1997,
  author = {R. J. Geller},
  title  = {Earthquake Prediction: A Critical Review}, 
  journal = {Geophysical Journal International},
  volume  = {131},
  month   = {December},
  year = {1997},
  pages = {425--450},
}


@article{Bod93,
  author    = {H. L. Bodlaender},
  title     = {A Tourist Guide through Treewidth},
  journal   = {Acta Cybernetica},
  volume    = {11},
  number    = {1-2},
  year      = {1993},
  pages     = {1-22}
}

@article{Moore-1990,
  author = {C. Moore},
  title = {Unopredictability and Undecidability in Dynamical Systems},
  journal = {Physical Review Letters},
  volume = {64},
  number = {20},
  year = {1990},
  pages = {2354--2357},
}

@book{Wolfram-1986,
  editor = {S. Wolfram},
  title = {Theory and Applications of Cellular Automata},
  publisher = {World Scientific Publishers},
  address = {Singapore},
  year = {1986},
}

@inproceedings{Wolfram-1985,
  author = {S. Wolfram},
  title = {Twenty Problems in the Theory of {Cellular Automata}},
  booktitle = {Physica Scripta, Volume T9 (Proc. 59th Nobel Symposium)},
  year = {1985},
  pages = {170--183},
}

@article{Buss-etal-1991,
  author = {S. R. Buss and C. H. Papadimitriou and J. N. Tsitsiklis},
  title = {On the Predictability of Coupled Automata: An Allegory
           about Chaos},
  journal = {Complex Systems},
  volume = {5},
  year = {1991},
  pages = {525--539},
}

@article{Athey-2017,
  author = {S. Athey},
  title = {Beyond prediction: {U}sing big data for policy problems},
  journal = {Science},
  volume = {355},
  issue = {6324},
  month = {Feb.},
  year = {2017},
  pages = {483--485},
}

@article{Bohannon-2017,
  author = {J. Bohannon},
  title = {The Pulse of the People},
  journal = {Science},
  volume = {355},
  issue = {6324},
  month = {Feb.},
  year = {2017},
  pages = {470--472},
}

@article{Cederman-etal-2017,
  author = {L. Cederman and N. B. Weidmann},
  title = {Predicting armed conflict: {T}ime to adjust our expectations?},
  journal = {Science},
  volume = {355},
  issue = {6324},
  month = {Feb.},
  year = {2017},
  pages = {474--476},
}

@article{Clauset-etal-2017,
  author = {A. Clauset and D. B. Larremore and R. Sinatra},
  title = {Data-driven predictions in the science of science},
  journal = {Science},
  volume = {355},
  issue = {6324},
  month = {Feb.},
  year = {2017},
  pages = {477--480},
}

@article{Hofman-etal-2017,
  author = {J. M. Hofman and A. Sharma and D. J. Watts},  
  title = {Prediction and Explanation in Social Systems},
  journal = {Science},
  volume = {355},
  issue = {6324},
  month = {Feb.},
  year = {2017},
  pages = {486--488},
}

@article{Jasny-etal-2017,
  author = {B. R. Jasny and R. Stone},  
  title = {Prediction and its Limits},
  journal = {Science},
  volume = {355},
  issue = {6324},
  month = {Feb.},
  year = {2017},
  pages = {468--469},
}

@article{Kennedy-etal-2017,
  author = {R. Kennedy and S. Wojcik and D. Lazer},
  title = {Improving Election Prediction Internationally},
  journal = {Science},
  volume = {355},
  issue = {6324},
  month = {Feb.},
  year = {2017},
  pages = {515--520},
}

@article{Subrahmanian-etal-2017,
  author = {V. S. Subrahmanian and S. Kumar},
  title = {Predicting Human Behavior: {T}he next frontiers},
  journal = {Science},
  volume = {355},
  issue = {6324},
  month = {Feb.},
  year = {2017},
  pages = {489},
}

@article{Tetlock-etal-2017,
  author = {P. E. Tetlock and B. A. Mellers and J. P. Scoblic},
  title = {Bringing probability judgments into policy debates via 
           forecasting tournaments},
  journal = {Science},
  volume = {355},
  issue = {6324},
  month = {Feb.},
  year = {2017},
  pages = {481--483},
}


@inproceedings{Arora-etal-1994,
  author = {S. Arora and Y. Rabani and U. Vazirani},
  title  = {Simulating Quadratic Dynamical Systems is {PSPACE}-complete},
  booktitle = {Proc. 26th Annual Symposium on Theory of Computing (STOC)},
  year = {1994},
  pages = {459--467},
}
 
@article{Biggerstaff-etal-2016,
  author = {M. Biggerstaff and D. Alper and S. Fox and I. C. Fung and 
            K. S. Hickman and B. Lewis and R. Rosenfeld and J. Shaman and 
            M. Tsou and P. Velardi and A. Vespignani and Lyn Finelli},
  title = {Results from the {C}enters for {D}isease {C}ontrol and 
           {P}revention's {P}redict the 2013--2014 {I}nfluenza {S}eason
           {C}hallenge},
  journal = {BMC Infectious Diseases},
  volume = {16},
  number = {357},
  year = {2016},
  pages = {10 pages},
}

@article{Shaman-etal-2012,
  author = {J. Shaman and A. Karspeck},
  title = {Forecasting Seasonl Outbreaks of Influenza},
  journal = {Proceedings of the National Academy of Sciences (PNAS)},
  volume = {109},
  number = {50},
  year = {2012},
  pages = {20425--20430},
}

@article{Shaman-etal-2013,
  author = {J. Shaman and A. Karspeck and W. Yang and J. Tamerius and M.Lipsitch},
  title = {Real-Time {I}nfluenza Forecasts During the 2012--2013 Season},
  journal = {Nature Communications},
  volume = {4:2837},
  year = {2013},
  pages = {10 pages},
}

@misc{Chakraborty-etal-2016,
  author = {P. Chakraborty and B. Lewis and S. Eubank and J. S. Brownstein and
            M. V. Marathe and N. Ramakrishnan},
  title = {How Not to Forecast the {F}lu},
  howpublished = {Submitted for publication},
  year = {2016},
}

@article{May-2006,
  author = {R. M. May},
  title  = {Network Structure and the Biology of Populations},
  journal = {Trends in Ecology and Evolution},
  volume = {21},
  number = {7},
  year = {2006},
  pages = {394--399},
}

@article{Korkmaz_etal_2016,
  author    = {Gizem Korkmaz and
               Jose Cadena and
               Chris J. Kuhlman and
               Achla Marathe and
               Anil Vullikanti and
               Naren Ramakrishnan},
  title     = {Multi-source models for civil unrest forecasting},
  journal   = {Social Network Analysis and Mining},
  volume    = {6},
  number    = {1},
  pages     = {50:1--50:25},
  year      = {2016},
}

@inproceedings{Muthaiah_etal_2016,
  author    = {Sathappan Muthiah and
               Patrick Butler and
               Rupinder Paul Khandpur and
               Parang Saraf and
               Nathan Self and
               Alla Rozovskaya and
               Liang Zhao and
               Jose Cadena and
               Chang{-}Tien Lu and
               Anil Vullikanti and
               Achla Marathe and
               Kristen Maria Summers and
               Graham Katz and
               Andy Doyle and
               Jaime Arredondo and
               Dipak K. Gupta and
               David Mares and
               Naren Ramakrishnan},
  title     = {{EMBERS} at 4 years: Experiences operating an Open Source Indicators
               Forecasting System},
  booktitle = {Proceedings of the 22nd {ACM} {SIGKDD} International Conference on
               Knowledge Discovery and Data Mining, San Francisco, CA, USA, August
               13-17, 2016},
  pages     = {205--214},
  year      = {2016},
}

@techreport{Rosenkrantz_etal_2016,
  author = {D. J. Rosenkrantz and M. V. Marathe and S. S. Ravi 
            and R. E. Stearns and A. K. Vullikanti},
  title = {Algorithmic Theory of Forecasting Contagion Dynamics over 
           Networks -- {P}art~{II}:~ {T}reewidth-Bounded Networks},
  institution = {Network Dynamics and Simulation Science Laboratory, 
                 Bicomplexity Institute of Virginia Tech},
  address = {Blacksburg, VA},
  number = {16-083},
  year = {2016},
  note = {Under preparation}
}

@inproceedings{Martin_etal_2016,
  author    = {Travis Martin and
               Jake M. Hofman and
               Amit Sharma and
               Ashton Anderson and
               Duncan J. Watts},
  title     = {Exploring Limits to Prediction in Complex Social Systems},
  booktitle = {Proceedings of the 25th International Conference on World Wide Web,
               {WWW} 2016, Montreal, Canada, April 11 - 15, 2016},
  pages     = {683--694},
  year      = {2016},
}
`
@inproceedings{Krishnan_etal_2016,
  author    = {Siddharth Krishnan and
               Patrick Butler and
               Ravi Tandon and
               Jure Leskovec and
               Naren Ramakrishnan},
  title     = {Seeing the forest for the trees: new approaches to forecasting cascades},
  booktitle = {Proceedings of the 8th {ACM} Conference on Web Science, WebSci 2016,
               Hannover, Germany, May 22-25, 2016},
  pages     = {249--258},
  year      = {2016},
}

@inproceedings{Cheng_etal_2016,
  author    = {Justin Cheng and
               Lada A. Adamic and
               Jon M. Kleinberg and
               Jure Leskovec},
  title     = {Do Cascades Recur?},
  booktitle = {Proceedings of the 25th International Conference on World Wide Web,
               {WWW} 2016, Montreal, Canada, April 11 - 15, 2016},
  pages     = {671--681},
  year      = {2016},
}

@inproceedings{Cheng_etal_2014,
  author    = {Justin Cheng and
               Lada A. Adamic and
               P. Alex Dow and
               Jon M. Kleinberg and
               Jure Leskovec},
  title     = {Can cascades be predicted?},
  booktitle = {23rd International World Wide Web Conference, {WWW} '14, Seoul, Republic
               of Korea, April 7-11, 2014},
  pages     = {925--936},
  year      = {2014},
}

@misc{TC+2016,
  author =  {F. S. Tabataba and P. Chakraborty and N. Ramakrishnan and
             S. Venkatramanan and J. Chen and B. Lewis and M. V. Marathe},
  title = {A Framework for Evaluating Epidemic Forecasts},
  howpublished = {NDSSL Technical Report},
  year = {2016},
}

@book{Easley_Kleinberg-2010,
  author = {D. Easley and J. Kleinberg},
  title = {Networks, Crowds and Markets: Reasoning About
           a Highly Connected World},
  publisher = {Cambridge University Press},
  address = {New York, NY},
  year = {2010},
}

@book{Colbourn-1987,
  author = {C. J. Colbourn},
  title = {The Combinatorics of Network Reliability},
  publisher = {Oxford University Press},
  address = {New York, NY},
  year = {1987},
}

@article{Ball-1980,
  author = {M. O. Ball},
  title = {Complexity of Network Reliability Computations},
  journal = {Networks},
  volume = {10},
  year = {1980},
  pages = {153--165},
}
           
@article{LZ-2009,
  author = {M. Laumanns and R. Zenklusen},
  title  = {Computational Complexity of Impact Size Estimation
            for Spreading Processes on Networks},
  journal = {European Physics Journal B},
  volume = {71},
  number = {4},
  year   = {2009},
  pages  = {481--487},
}

@article{Salathe-Jones-2010,
  author = {M. Salathe and J. Jones},
  title = {Dynamics and Control of Diseases in Networks with
           Community Structure},
  journal = {PLoS Computational Biology},
  volume = {6},
  number = {4},
  year = {2010},
  pages = {1-11},
}

@article{Ferrari-etal-2006,
  author = {M. J. Ferrari and S. Bansal and L. A. Meyers and 
            O. N. Bjornstad},
  title = {Network Fraility and the Geometry of Herd Immunity},
  journal = {Proc. Royal Society of London Series B -- Biological Sciences},
  volume = {1602},
  year = {2006},
  pages = {2743--2748},
}

@article{Kaiser-2008,
  author = {M. Kaiser},
  title = {Mean clustering coefficients: the role of isolated
           nodes and leafs on clustering measures for small-world
           networks},
  journal = {New Journal of Physics},
  volume = {10},
  year = {2008},
  pages = {1-11},
}

@misc{Britton-2009,
  author = {T. Britton},
  title = {Stochastic Epidemic Models: A Survey},
  howpublished = {Report -- arXiv:0910.4443v1 [math.PR]},
  year = {2009},
}

@article{Drake-2006,
  author = {J. M. Drake},
  title = {Limits to Forecasting Precision for Outbreaks of
           Directly Transmitted Diseases},
  journal = {PLoS Medicine},
  volume = {3},
  issue = {1},
  year = {2006},
  pages = {57--62},
}


@article{Drake-2005,
  author = {J. M. Drake},
  title = {Fundamental Limits to the Precision of Early Warning
           Systems for Epidemics of Infectious Diseases},
  journal = {PLoS Medicine},
  volume = {2},
  issue = {5},
  year = {2005},
  pages = {461--462},
}

@incollection{srinivasan_1999,
  author = {A. Srinivasan},
  title  = {Approximation Algorithms via Randomized Rounding: A Survey},
  booktitle = {Lectures on Approximation and Randomized Algorithms},
  editors = {M. Karonski and H. J.  Promel}, 
  series = {Series in Advanced Topics in Mathematics},
  publisher = {Polish Scientific Publishers PWN},
  address = {Warszawa, Poland},
  pages = {9--71},
  year = {1999},
}

@article{FKG_1971,
  author = {C. M. Fortuin and J. Ginibre and P. N. Kasteleyn},
  title = {Correlational inequalities for partially ordered sets},
  journal = {Communications of Mathematical Physics},
  volume = {22},
  year = {1971},
  pages = {89--103},
}

@article{shen_etal_2012,
  author    = {Yilin Shen and
               Dung T. Nguyen and
               Ying Xuan and
               My T. Thai},
  title     = {New techniques for approximating optimal substructure problems in
               power-law graphs},
  journal   = {Theor. Comput. Sci.},
  volume    = {447},
  pages     = {107--119},
  year      = {2012},
}

@article{ferrante_etal_2008,
  author    = {Alessandro Ferrante and
               Gopal Pandurangan and
               Kihong Park},
  title     = {On the hardness of optimization in power-law graphs},
  journal   = {Theor. Comput. Sci.},
  volume    = {393},
  number    = {1-3},
  pages     = {220--230},
  year      = {2008},
  url       = {http://dx.doi.org/10.1016/j.tcs.2007.12.007},
  doi       = {10.1016/j.tcs.2007.12.007},
  timestamp = {Thu, 24 Dec 4451468 16:19:28 +},
  biburl    = {http://dblp.uni-trier.de/rec/bib/journals/tcs/FerrantePP08},
  bibsource = {dblp computer science bibliography, http://dblp.org}
}

@book{newman_2010,
 author = {Newman, M. E. J.},
 title = {Networks: {An} introduction},
 publisher = {Oxford University Press:New York, {NY}},
 year = {2010},
}

@article{BH+2007,
  author = {C. Barrett and H. B. {Hunt III} and M. V. Marathe and
            S. S. Ravi and D. J. Rosenkrantz and R. E. Stearns 
            and M. Thakur},
  title = {Predecessor Existence Problems for Finite Discrete
           Dynamical Systems},
  journal = {Theoretical Computer Science}, 
  volume = {386},
  issue = {1--2},
  year = {2007},
  pages = {3--37},
}

@book{Rosen-2011,
  author = {K. P. Rosen},
  title = {Discrete Mathematics and Its Applications},
  publisher = {McGraw Hill},
  address = {New York, NY},
  edition = {Seventh},
  year = {2011},
}
  
@techreport{PS-2012,
  author = {N. Peyrard and R. Sabbadin},
  title = {Evaluation of the Expected Size of a {SIR} Epidemics
           on a Graph},
  year = {2012},
  institution = {Institut National de la Researche Agronomique},
  address = {Unit\'{e} de Biom\'{e}trie et Intelligence
                 Artificiale, Toulouse, France},
  number = {RR-2012-1},
  month = {Feb.},
}

@article{SD-2012,
  author = {M. Shapiro and E. Delgado-Eckert},
  title = {Finding the probability of infection in an {SIR}
           Network is {NP-H}ard},
  journal = {Mathematical Biosciences},
  volume = {240},
  issue = {2},
  year = {2012},
  pages = {77--84},
}

@techreport{Wol-1996,
  author = {David H. Wolpert},
  title = {An {I}ncompleteness {T}heorem for {C}alculating the
           {F}uture},
  year = {1996},
  institution = {Santa Fe Institute},
  address = {Santa Fe, NM},
  number = {96-03-008},
}
  
@book{MU-2005,
  author = {M. Mitzenmacher and E. Upfal},
  title  = {Probability and Computing: Randomized Algorithms and
            Probabilistic Analysis},
  publisher = {Cambridge University Press},
  address   = {New York, NY},
  year      = {2005},
}

@article{Vad-2001,
  author = {S. Vadhan},
  title  = {The Complexity of Counting in Sparse, Regular and
            Planar Graphs},
  journal = {SIAM J. Computing},
  volume  = {31},
  number  = {2},
  year    = {2001},
  pages   = {398--427},
}

@incollection{EK+2005,
  author = {S. Eubank and V. S. A. Kumar and M. V. Marathe and 
            A. Srinivsan and N. Wang},
  title  = {Structure of Social Contact Networks and their
            Impact on Epidemics},
  booktitle = {Proc. AMS-DIMACS Special Volume on Epidemiology},
  publisher = {DIMACS},
  year      = {2005},
  pages     = {181--203},
}

@incollection{BB+2009,
  author = {C. L. Barrett and K. Bissett and J. Chen and S. Eubank and 
            B. Lewis and V. S. A. Kumar and M. V. Marathe and 
            H. Mortveit},
  title  = {Interactions among Human Behavior, Social Networks and 
            Social Infrastructures: A Case Study in Epidemiology},
  booktitle = {Fundamental Problems in Computing: Essays in Honor of
               {P}rofessor {D}aniel {J}. {R}osenkrantz},
  editors   = {S. S. Ravi and S. K. Shukla},
  year      = {2009},
  publisher = {Springer},
  pages     = {477--507},
}

@book{GJ-1979,
  author = {M. R. Garey and D. S. Johnson},
  title  = {Computers and Intractability: A Guide to the Theory of
            NP-completeness},
  publisher = {W. H. Freeman and Co.},
  address   = {San Francisco, CA},
  year      = {1979},
}

@article{BH+2011,
  author = {C. L. Barrett and H. B. Hunt III and
            M. V. Marathe and S. S. Ravi and D. J. Rosenkrantz and
            R. E. Stearns and M. Thakur},
  title  = {Modeling and Analyzing Social Network Dynamics Using 
            Stochastic Discrete Graphical Dynamical Systems},
  journal = {Theoretical Computer Science},
  volume  = {412},
  issue  = {30},
  year   = {2011},
  pages  = {3932--3946},
}

@article{Zu-1996,
  author    = {D. Zuckerman},
  title     = {On Unapproximable Versions of {NP}-Complete Problems},
  journal   = {{SIAM} Journal on Computing},
  year      = {1996},
  volume    = {25},
  number    = {6},
  pages     = {1293--1304},
}

@article{Bansal_etal_2007,
  author = {S. Bansal and B. Grenfell and T. Myers and L. Ancel},
  title = {When Individual Behavior Matters: Homogeneous and Network
           Models in Epidemiology},
  journal = {J. Royal Society Interface},
  volume = {4},
  number = {16},
  year = {2007},
  pages = {879--891},
}
